% BibTex
@misc{Article1,
    author = "V. Esther Jyothi and Dr. BDCN Prasad and Dr Ramesh Kumar Mojjada

",
  title = {Analysis of Cryptography Encryption for Network Security
},
    year = {2020},
    howpublished = "\url{https://iopscience.iop.org/article/10.1088/1757-899X/981/2/022028/meta}"
}
@misc{Article2,
    author = "T. Rajani Devi",
  title = {Importance of Cryptography in Network Security},
    year = {2013},
    howpublished = "\url{https://ieeexplore.ieee.org/abstract/document/6524439}"
}
@misc{Article3,
    author = "Kritika Acharya and Manisha Sajwan and Sanjay Bhargava",
  title = {Analysis of Cryptographic Algorithms for Network
Security},
    year = {2014},
    howpublished = "\url{https://ijcatr.com/archives/volume3/issue2/ijcatr03021009.pdf}"
}
@misc{Article4,
    author = "Nicolas Sklavos and I. D. Zaharakis",
  title = {Cryptography and Security in Internet of Things (IoTs): Models, Schemes, and Implementations},
    year = {2016},
    howpublished = "\url{https://ieeexplore.ieee.org/abstract/document/7792443}"
}
@misc{Article5,
    author = "Sharma and Neha and Prabhjot and kaur, Harpreet",
  title = {A Review of Information Security using Cryptography Technique},
    year = {2017},
    howpublished = "\url{https://web.s.ebscohost.com/abstract?direct=true&profile=ehost&scope=site&authtype=crawler&jrnl=09765697&AN=132075850&h=kmlgcUwkLG5XTYeMteUvGY%2brjzeyZNXRrf0XvkbAwL%2bMytYKG0Q9B%2fVzLMlXcSVfcNKlwofRpOBeRN6IkIk75Q%3d%3d&crl=c&resultNs=AdminWebAuth&resultLocal=ErrCrlNotAuth&crlhashurl=login.aspx%3fdirect%3dtrue%26profile%3dehost%26scope%3dsite%26authtype%3dcrawler%26jrnl%3d09765697%26AN%3d132075850}"
}
@misc{Article6,
    author = "Anindita Sarkar and Swagata Roy Chatterjee and Mohuya Chakraborty 
",
  title = {Role of Cryptography in Network Security},
    year = {2020},
    howpublished = "\url{https://link.springer.com/chapter/10.1007/978-981-15-9317-8_5}"
}
@misc{Article7,
    author = "Ms Savant Vaishnavi B. and  Ms Kasar Rupali D.",
  title = {A review on network security and cryptography},
    year = {2022},
    howpublished = "\url{https://www.indianjournals.com/ijor.aspx?target=ijor:rjet&volume=12&issue=4&article=004}"
}
@misc{Article8,
    author = "Subodha Charles and Prabhat Mishra",
  title = {Securing Network-on-Chip Using Incremental Cryptography},
    year = {2020},
    howpublished = "\url{https://ieeexplore.ieee.org/abstract/document/9154968}"
}
@misc{Article9,
    author = "Isha Bhardwaj and Ajay Kumar and Manu Bansal",
  title = {A review on lightweight cryptography algorithms for
data security and authentication in IoTs.},
    year = {2017},
    howpublished = "\url{https://ieeexplore.ieee.org/abstract/document/8269731}"
}
@misc{Article10,
    author = "Anu Shree Divya and Ahlawat Seema",
  title = {A Review on Cryptography, Attacks and Cyber Security},
    year = {2017},
    howpublished = "\url{https://web.s.ebscohost.com/abstract?direct=true&profile=ehost&scope=site&authtype=crawler&jrnl=09765697&AN=124636318&h=2fP7I9ed4uBaSnUBRju9g1BIOxevueGBhu3IVsglg4tbGQVPc48lHnKlOf8iwCoxLW6FyZUHmN1FqhsvrYbc1w%3d%3d&crl=c&resultNs=AdminWebAuth&resultLocal=ErrCrlNotAuth&crlhashurl=login.aspx%3fdirect%3dtrue%26profile%3dehost%26scope%3dsite%26authtype%3dcrawler%26jrnl%3d09765697%26AN%3d124636318}"
}
@misc{Article11,
    author = "Sarhan M. Musa",
  title = {Network Security and Cryptography},
    year = {2018},
    howpublished = "\url{https://books.google.ru/books?hl=ru&lr=&id=WTtaDwAAQBAJ&oi=fnd&pg=PT21&dq=related:-7TnHxGcgOEJ:scholar.google.com/&ots=3Ih-TzSjUd&sig=WKbuVkiJ0HSJWBtehhHgy3bDwfI&redir_esc=y#v=onepage&q&f=false}"
}
@misc{Article12,
    author = "Faiqa Maqsood1 and Muhammad Ahmed and Muhammad Mumtaz Ali and
Munam Ali Shah
",
  title = {Cryptography: A Comparative Analysis for Modern
Techniques
},
    year = {2017},
    howpublished = "\url{https://pdfs.semanticscholar.org/8331/4e07dfb9d15145fa79734f63e47932866101.pdf}"
}